% bmc_article.bib
% 
%  An example of bibtex entries.
%  Entries taken from BMC instructions for authors page.

% [1] Drysdale, 2001 Phenotypic data in FlyBase. Brief Bioinform 2(1): 68-80 
% [2] https://sourceforge.net/p/fbbtdv
% [3] Hoehndorf R, Hardy NW, Osumi-Sutherland D, Tweedie S, Schofield PN, 2013 Systematic Analysis of Experimental Phenotype Data Reveals Gene Functions. PLoS ONE 8(4): e60847



% Gene Ontology Consortium (2015) Gene Ontology Consortium: going forward. Nucl. Acids Res. 43 (D1): D1049-D1056
% 25428369 
@Article{GO2015,
   Author="Blake, J. A.  and Christie, K. R.  and Dolan, M. E.  and Drabkin, H. J.  and Hill, D. P.  and Ni, L.  and Sitnikov, D.  and Burgess, S.  and Buza, T.  and Gresham, C.  and McCarthy, F.  and Pillai, L.  and Wang, H.  and Carbon, S.  and Dietze, H.  and Lewis, S. E.  and Mungall, C. J.  and Munoz-Torres, M. C.  and Feuermann, M.  and Gaudet, P.  and Basu, S.  and Chisholm, R. L.  and Dodson, R. J.  and Fey, P.  and Mi, H.  and Thomas, P. D.  and Muruganujan, A.  and Poudel, S.  and Hu, J. C.  and Aleksander, S. A.  and McIntosh, B. K.  and Renfro, D. P.  and Siegele, D. A.  and Attrill, H.  and Brown, N. H.  and Tweedie, S.  and Lomax, J.  and Osumi-Sutherland, D.  and Parkinson, H.  and Roncaglia, P.  and Lovering, R. C.  and Talmud, P. J.  and Humphries, S. E.  and Denny, P.  and Campbell, N. H.  and Foulger, R. E.  and Chibucos, M. C.  and Gwinn Giglio, M.  and Chang, H. Y.  and Finn, R.  and Fraser, M.  and Mitchell, A.  and Nuka, G.  and Pesseat, S.  and Sangrador, A.  and Scheremetjew, M.  and Young, S. Y.  and Stephan, R.  and Harris, M. A.  and Oliver, S. G.  and Rutherford, K.  and Wood, V.  and Bahler, J.  and Lock, A.  and Kersey, P. J.  and McDowall, M. D.  and Staines, D. M.  and Dwinell, M.  and Shimoyama, M.  and Laulederkind, S.  and Hayman, G. T.  and Wang, S. J.  and Petri, V.  and D'Eustachio, P.  and Matthews, L.  and Balakrishnan, R.  and Binkley, G.  and Cherry, J. M.  and Costanzo, M. C.  and Demeter, J.  and Dwight, S. S.  and Engel, S. R.  and Hitz, B. C.  and Inglis, D. O.  and Lloyd, P.  and Miyasato, S. R.  and Paskov, K.  and Roe, G.  and Simison, M.  and Nash, R. S.  and Skrzypek, M. S.  and Weng, S.  and Wong, E. D.  and Berardini, T. Z.  and Li, D.  and Huala, E.  and Argasinska, J.  and Arighi, C.  and Auchincloss, A.  and Axelsen, K.  and Argoud-Puy, G.  and Bateman, A.  and Bely, B.  and Blatter, M. C.  and Bonilla, C.  and Bougueleret, L.  and Boutet, E.  and Breuza, L.  and Bridge, A.  and Britto, R.  and Casals, C.  and Cibrian-Uhalte, E.  and Coudert, E.  and Cusin, I.  and Duek-Roggli, P.  and Estreicher, A.  and Famiglietti, L.  and Gane, P.  and Garmiri, P.  and Gos, A.  and Gruaz-Gumowski, N.  and Hatton-Ellis, E.  and Hinz, U.  and Hulo, C.  and Huntley, R.  and Jungo, F.  and Keller, G.  and Laiho, K.  and Lemercier, P.  and Lieberherr, D.  and MacDougall, A.  and Magrane, M.  and Martin, M.  and Masson, P.  and Mutowo, P.  and O'Donovan, C.  and Pedruzzi, I.  and Pichler, K.  and Poggioli, D.  and Poux, S.  and Rivoire, C.  and Roechert, B.  and Sawford, T.  and Schneider, M.  and Shypitsyna, A.  and Stutz, A.  and Sundaram, S.  and Tognolli, M.  and Wu, C.  and Xenarios, I.  and Chan, J.  and Kishore, R.  and Sternberg, P. W.  and Van Auken, K.  and Muller, H. M.  and Done, J.  and Li, Y.  and Howe, D.  and Westerfield, M. ",
   Title="{{G}ene {O}ntology {C}onsortium: going forward}",
   Journal="Nucleic Acids Res.",
   Year="2015",
   Volume="43",
   Number="Database issue",
   Pages="D1049--1056",
   Month="Jan"
}

% Hastings J, de Matos P, Dekker A, Ennis M, Harsha B, Kale N, Muthukrishnan V, Owen G, Turner S, Williams M, Steinbeck C. 2013. The ChEBI reference database and ontology for biologically relevant chemistry: enhancements for 2013. Nucleic Acids Res.: 41(Database issue):D456-63
% 23180789 
@Article{Hastings2013,
   Author="Hastings, J.  and de Matos, P.  and Dekker, A.  and Ennis, M.  and Harsha, B.  and Kale, N.  and Muthukrishnan, V.  and Owen, G.  and Turner, S.  and Williams, M.  and Steinbeck, C. ",
   Title="{{T}he {C}h{E}{B}{I} reference database and ontology for biologically relevant chemistry: enhancements for 2013}",
   Journal="Nucleic Acids Res.",
   Year="2013",
   Volume="41",
   Number="Database issue",
   Pages="D456--463",
   Month="Jan"
}

% Mungall, C, Deitze, H. Osumi-Sutherland, D., (2014). Use of OWL within the Gene Ontology. OWLED 2014 in CEUR Workshop Proceedings 1265: 25-36.
@Inproceedings{Mungall2014,
   Author="Mungall, C. and Deitze, H. and Osumi-Sutherland, D.",
   Title = "Use of OWL within the Gene Ontology.",
   Year="2014",
   booktitle = {Proceedings of the 11th International Workshop on OWL: Experiences and Directions (OWLED 2014)},
    editor  = {Maria Keet, C. and Tamma, V.}, 
    pages   = {25-36},
    organization  = "CEUR workshop proceedings"}

% Meehan TF, Masci AM, Abdulla A, Cowell LG, Blake JA, Mungall CJ, Diehl AD, 2011. Logical development of the cell ontology.  BMC Bioinformatics 12:6
@article{pmid21208450,
   Author="Meehan, T. F.  and Masci, A. M.  and Abdulla, A.  and Cowell, L. G.  and Blake, J. A.  and Mungall, C. J.  and Diehl, A. D. ",
   Title="{{L}ogical development of the cell ontology}",
   Journal="BMC Bioinformatics",
   Year="2011",
   Volume="12",
   Pages="6"
}

%  2012. Uberon, an integrative multi-species anatomy ontology. Genome Biol. 13(1):R5.
% 25009735 
@Article{Haendel2014,
   Author="Haendel, M. A.  and Balhoff, J. P.  and Bastian, F. B.  and Blackburn, D. C.  and Blake, J. A.  and Bradford, Y.  and Comte, A.  and Dahdul, W. M.  and Dececchi, T. A.  and Druzinsky, R. E.  and Hayamizu, T. F.  and Ibrahim, N.  and Lewis, S. E.  and Mabee, P. M.  and Niknejad, A.  and Robinson-Rechavi, M.  and Sereno, P. C.  and Mungall, C. J. ",
   Title="{{U}nification of multi-species vertebrate anatomy ontologies for comparative biology in {U}beron}",
   Journal="J Biomed Semantics",
   Year="2014",
   Volume="5",
   Pages="21"
}

% Shah NH, Cole T, Musen MA (2012) Chapter 9: Analyses Using Disease Ontologies. PLoS Comput Biol 8(12): e1002827. doi:10.1371/journal.pcbi.1002827
% 23300417 
@Article{Shah2012,
   Author="Shah, N. H.  and Cole, T.  and Musen, M. A. ",
   Title="{{C}hapter 9: {A}nalyses using disease ontologies}",
   Journal="PLoS Comput. Biol.",
   Year="2012",
   Volume="8",
   Number="12",
   Pages="e1002827"
}


@article{kazakov2012elk,
  title={ELK reasoner: Architecture and evaluation},
  author={Kazakov, Yevgeny and Kr{\"o}tzsch, Markus and Siman{\v{c}}{\'\i}k, Franti{\v{s}}ek},
  journal={CEUR Workshop Proceedings},
  volume={858},
  year={2012}
}
% To add - TG ref

@article{Hill2013,
abstract = {BACKGROUND: The Gene Ontology (GO) facilitates the description of the action of gene products in a biological context. Many GO terms refer to chemical entities that participate in biological processes. To facilitate accurate and consistent systems-wide biological representation, it is necessary to integrate the chemical view of these entities with the biological view of GO functions and processes. We describe a collaborative effort between the GO and the Chemical Entities of Biological Interest (ChEBI) ontology developers to ensure that the representation of chemicals in the GO is both internally consistent and in alignment with the chemical expertise captured in ChEBI.

RESULTS: We have examined and integrated the ChEBI structural hierarchy into the GO resource through computationally-assisted manual curation of both GO and ChEBI. Our work has resulted in the creation of computable definitions of GO terms that contain fully defined semantic relationships to corresponding chemical terms in ChEBI.

CONCLUSIONS: The set of logical definitions using both the GO and ChEBI has already been used to automate aspects of GO development and has the potential to allow the integration of data across the domains of biology and chemistry. These logical definitions are available as an extended version of the ontology from http://purl.obolibrary.org/obo/go/extensions/go-plus.owl.},
author = {Hill, David P and Adams, Nico and Bada, Mike and Batchelor, Colin and Berardini, Tanya Z and Dietze, Heiko and Drabkin, Harold J and Ennis, Marcus and Foulger, Rebecca E and Harris, Midori A and Hastings, Janna and Kale, Namrata S and de Matos, Paula and Mungall, Christopher and Owen, Gareth and Roncaglia, Paola and Steinbeck, Christoph and Turner, Steve and Lomax, Jane},
doi = {10.1186/1471-2164-14-513},
file = {:Users/cjm/Documents/MendeleyDesktop/Hill et al/BMC genomics/Hill et al. - 2013 - Dovetailing biology and chemistry integrating the Gene Ontology with the ChEBI chemical ontology.pdf:pdf},
issn = {1471-2164},
journal = {BMC genomics},
keywords = {ontology chebi biochemistry},
mendeley-tags = {ontology chebi biochemistry},
month = jan,
number = {1},
pages = {513},
pmid = {23895341},
title = {{Dovetailing biology and chemistry: integrating the Gene Ontology with the ChEBI chemical ontology.}},
url = {http://www.biomedcentral.com/1471-2164/14/513},
volume = {14},
year = {2013}
}





@Inproceedings{xjon,
	author    = {X Jones}, 
	title     = {Zeolites and synthetic mechanisms},
	booktitle = {Proceedings of the First National Conference on 
		     Porous Sieves: 27-30 June 1996; Baltimore},
	year      = {1996},
	  editor  = {Y Smith}, 
	  pages   = {16-27},
	  organization  = {Stoneham: Butterworth-Heinemann}
}